@ARTICLE{AS,
author = "Dorigo M., Maniezzo V.",
title = "Ant system: optimization by a colony of cooperating agents",
journal = "EEE Transactions on Systems",
volume = "26",
year = "1996"
}
@WWW{xavier,
author="Eduardo C. Xavier",
year="2011",
title={http://www.ic.unicamp.br/~eduardo/mc548-2011-1/mc548.html},
urldate={{J}unho de 2011},
}

