@WWW{github,
    author="Diego Rubin",
    title={Código Fonte}
    year="2011",
    publisher="Github.com",
    url={http://github.com},
    urldate={{M}arço de 2011}
}
