@Book{linden:08,
  author = 	 {Ricardo Linden},
  title = 	 {Algoritmos Gen√©ticos},
  publisher = 	 {Addison-Wesley},
  year = 	 {2008},
  edition = 	 {2nd}
}

